<record><leader>00000cas a2200000   4500</leader><controlfield tag="001">12221573</controlfield><controlfield tag="008">850701d19701970miuuu n       0    0eng c</controlfield><datafield ind1=" " ind2=" " tag="010"><subfield code="a">sn 97063325 </subfield></datafield><datafield ind1=" " ind2=" " tag="040"><subfield code="a">EEM</subfield><subfield code="b">eng</subfield><subfield code="c">EEM</subfield><subfield code="d">MHN</subfield><subfield code="d">OCL</subfield><subfield code="d">OCLCQ</subfield><subfield code="d">OCLCO</subfield><subfield code="d">OCLCA</subfield><subfield code="d">OCLCF</subfield><subfield code="d">OCLCO</subfield><subfield code="d">CUS</subfield></datafield><datafield ind1=" " ind2=" " tag="042"><subfield code="a">pcc</subfield></datafield><datafield ind1=" " ind2=" " tag="043"><subfield code="a">n-us-mi</subfield></datafield><datafield ind1="1" ind2="4" tag="050"><subfield code="a">AP2</subfield><subfield code="b">.G37</subfield></datafield><datafield ind1="0" ind2="0" tag="245"><subfield code="a">Generation East Lansing.</subfield></datafield><datafield ind1=" " ind2=" " tag="260"><subfield code="a">East Lansing</subfield><subfield code="b">[s.n.]</subfield></datafield><datafield ind1=" " ind2=" " tag="300"><subfield code="a">3 nos.</subfield><subfield code="b">ill.</subfield></datafield><datafield ind1="0" ind2=" " tag="362"><subfield code="a">vol. 1, no. 1 ([1970])-v.1, no. 3 ([1970]).</subfield></datafield><datafield ind1=" " ind2=" " tag="515"><subfield code="a">No more published.</subfield></datafield><datafield ind1=" " ind2=" " tag="515"><subfield code="a">Undated.</subfield></datafield><datafield ind1=" " ind2=" " tag="580"><subfield code="a">Merged with: Bogue Street bridge, to form: Joint issue.</subfield></datafield><datafield ind1="2" ind2="0" tag="610"><subfield code="a">Michigan State University</subfield><subfield code="x">Students</subfield><subfield code="v">Periodicals.</subfield></datafield><datafield ind1=" " ind2="0" tag="650"><subfield code="a">College students</subfield><subfield code="x">Political activity</subfield><subfield code="z">United States</subfield><subfield code="v">Periodicals.</subfield></datafield><datafield ind1=" " ind2="0" tag="651"><subfield code="a">East Lansing (Mich.)</subfield><subfield code="v">Newspapers.</subfield></datafield><datafield ind1=" " ind2="0" tag="651"><subfield code="a">Ingham County (Mich.)</subfield><subfield code="v">Newspapers.</subfield></datafield><datafield ind1="2" ind2="7" tag="610"><subfield code="a">Michigan State University.</subfield><subfield code="2">fast</subfield><subfield code="0">(OCoLC)fst00532746</subfield></datafield><datafield ind1=" " ind2="7" tag="650"><subfield code="a">College students</subfield><subfield code="x">Political activity.</subfield><subfield code="2">fast</subfield><subfield code="0">(OCoLC)fst00868026</subfield></datafield><datafield ind1=" " ind2="7" tag="650"><subfield code="a">Students.</subfield><subfield code="2">fast</subfield><subfield code="0">(OCoLC)fst01136041</subfield></datafield><datafield ind1=" " ind2="7" tag="651"><subfield code="a">Michigan</subfield><subfield code="z">East Lansing.</subfield><subfield code="2">fast</subfield><subfield code="0">(OCoLC)fst01206858</subfield></datafield><datafield ind1=" " ind2="7" tag="651"><subfield code="a">Michigan</subfield><subfield code="z">Ingham County.</subfield><subfield code="2">fast</subfield><subfield code="0">(OCoLC)fst01209050</subfield></datafield><datafield ind1=" " ind2="7" tag="651"><subfield code="a">United States.</subfield><subfield code="2">fast</subfield><subfield code="0">(OCoLC)fst01204155</subfield></datafield><datafield ind1=" " ind2="7" tag="655"><subfield code="a">Newspapers.</subfield><subfield code="2">fast</subfield><subfield code="0">(OCoLC)fst01423814</subfield></datafield><datafield ind1=" " ind2="7" tag="655"><subfield code="a">Periodicals.</subfield><subfield code="2">fast</subfield><subfield code="0">(OCoLC)fst01411641</subfield></datafield><datafield ind1=" " ind2=" " tag="752"><subfield code="a">United States</subfield><subfield code="b">Michigan</subfield><subfield code="c">Ingham</subfield><subfield code="d">East Lansing.</subfield></datafield><datafield ind1="0" ind2="0" tag="780"><subfield code="t">Swill and squeal</subfield><subfield code="w">(DLC)sn 97063320</subfield><subfield code="w">(OCoLC)12323670</subfield></datafield><datafield ind1="1" ind2="7" tag="785"><subfield code="t">Bogue Street bridge</subfield><subfield code="w">(DLC)sn 97063190</subfield><subfield code="w">(OCoLC)12113929</subfield></datafield><datafield ind1="1" ind2="7" tag="785"><subfield code="t">Joint issue</subfield><subfield code="w">(DLC)sn 95023327</subfield><subfield code="w">(OCoLC)2178981</subfield></datafield><datafield ind1="4" ind2="1" tag="856"><subfield code="u">http://voices.revealdigital.com/cgi-bin/independentvoices?a=cl&amp;cl=CL1&amp;sp=BCCCBFHD&amp;ai=1</subfield></datafield><datafield ind1=" " ind2=" " tag="936"><subfield code="a">INC</subfield></datafield></record>